%%%%%%%%%%%%%%%%%%%%%%%%%%%%%%%%%%%
%%%%%%%%%%%  ARTICLES  %%%%%%%%%%%%%
%%%%%%%%%%%%%%%%%%%%%%%%%%%%%%%%%%%

% here you put all your bib-codes for articles, books, etc. 
% you can also import bib-files from e.g., endnote or mendeley.


@Article{Flor1998,
author="Flor, H.
and Elbert, Thomas
and M{\"u}hlnickel, Werner
and Pantev, Christo
and Wienbruch, Christian
and Taub, Edward",
title="Cortical reorganization and phantom phenomena in congenital and traumatic upper-extremity amputees",
journal="Experimental Brain Research",
year="1998",
month="Feb",
day="01",
volume="119",
number="2",
pages="205--212",
doi="10.1007/s002210050334"
}

